@webpage{ARBO_temperatuur_regels,
   title = {Wanneer is het te warm om te werken? Arboportaal},
   url = {https://www.arboportaal.nl/documenten/vragen-en-antwoorden/wat-is-te-warm},
}

@webpage{Beste_werk_omstandigheden,
   title = {Dit is de ideale kantoortemperatuur Werk \& Veiligheid - Kennisplatform over preventie, RI E en sociale veiligheid},
   url = {https://www.werkenveiligheid.nl/preventie/de-praktijk/dit-de-ideale-kantoortemperatuur},
}
@webpage{NEN1824,
   title = {Alle ins en outs van wetgeving en normen},
   url = {https://www.euronorm.net/content/template2.php?itemID=423},
}

@webpage{RF_banden,
   title = {wetten.nl - Regeling - Regeling gebruik van frequentieruimte zonder vergunning en zonder meldingsplicht 2015 - BWBR0036378},
   url = {https://wetten.overheid.nl/BWBR0036378/2021-12-15},
}

@article{RS_temp_sensor,
   title = {Thermocouple Selection Guide},
   author = {RS},
   year = {2024},
   url = {https://assets.rs-online.com/image/upload/v1563475663/MKT/LP/Suppliers/rspro/thermocouples/RS-Pro-Thermocouple-Selection-Guide.pdf},
}

@webpage{Instrumentatie_versterker_schematic,
   title = {Elektronica/Opamps/Lineaire Schakelingen/Instrumentatieversterker - Wikibooks},
   url = {https://nl.wikibooks.org/wiki/Elektronica/Opamps/Lineaire_Schakelingen/Instrumentatieversterker},
}

@article{Pt1000,
   abstract = {The PTF-sensor family combines a group of resistance temperature detectors (RTD) using a Platinum resistor in thin film technology as sensing element. The characteristic curve of this Platinum RTD's are complying with DIN EN 60751. The usage of Platinum as resistive material guarantees high long term stability A platinum RTD consists of a structured platinum film on a ceramics substrate, passivated by glass coating. The connection wires are protected with glass on the welding area. The connection wires are gold coated nickel wire or silver wire. Gold coated Ni-wire is preferred for welding applications with need of higher application temperature but can be soldered as well, whereas silver wires preferably used for solder applications with lower temperatures. Due to small outline and low mass this RTD has a low time constant; therefore it is a suitable solution for fast and precise feedback control systems. Sensors are packed as bulk goods in blister box. Features  R0: 100 1000 values available  TCR 3850ppm/K  Application temperature up to-50…600°C (Class B)  Various resistance tolerances ±0.24%, ±0.12%, ±0.06%, ±0.04% available  Size 2 x 2.3 x 1.1 mm³ (width/length/height) FC-geometry  Size 2 x 5.0 x 1.1 mm³ (width/length/height) FD-geometry  Size 2 x 4.0 x 1.1 mm³ (width/length/height) FF-geometry  Size 1.2 x 4.0 x 1.1 mm³ (width/length/height) FM-geometry  Gold coated nickel lead wire or silver lead wire Applications  Specific temperature feedback control  Medical  HVAC  White goods  Automotive  Industrial applications  Sensing element for plug-in probes  Platinum Temperature Sensor  Conformal to DIN EN 60751  Global interchangeability  Wide temperature range  Fast response time  Different tolerances  Different outline dimensions  Low drift over lifetime  Blister box packing},
   title = {PTF-FAMILY Platinum Temperature Sensors Product Description},
   year = {2024},
   author = {TE connectivity},
   url = {https://www.te.com/usa-en/product-NB-PTCO-165.datasheet.pdf}
}

@article{measure_tabel,
   title = {Pt 1000 Resistor table Pt 100 / Pt 500 /Pt 1000 Temperature resistor},
   year = {2007},
   url = {http://www.solarhotusa.com/products/controls/files/Resistor-table-Pt1000.pdf},
   author = {Aeca}
}

@article{Spannings_ref,
   author = {Renesas Electronics Corporation},
   keywords = {FGA voltage references,isl60002,isl60002bah333,isl60002bih310-11-18-20-26-30,isl60002cah333,isl60002cih310-11-18-20-26-30,isl60002dah333,isl60002dih310-11-18-20-26-30},
   title = {ISL60002 Datasheet},
   year = {2019},
   url = {https://4donline.ihs.com/images/VipMasterIC/IC/RNCC/RNCC-S-A0010774807/RNCC-S-A0010775204-1.pdf?hkey=6D3A4C79FDBF58556ACFDE234799DDF0}
}

@webpage{LTC2055,
   title = {LTC2055 Datasheet and Product Info | Analog Devices},
   url = {https://www.analog.com/en/products/ltc2055.html},
}



@article{MCP6002,
   title = {MCP6001/1R/1U/2/4 Features},
   year = {2020},
   author = {Microchip Technology Inc.},
   url = {https://ww1.microchip.com/downloads/en/DeviceDoc/MCP6001-1R-1U-2-4-1-MHz-Low-Power-Op-Amp-DS20001733L.pdf}

}

@article{B547,
   author = {onsemi},
   title = {Your Feedback is Important to Us! Help Us Improve-Take the Survey},
   url = {www.onsemi.com},
   year = {2024},
}

@webpage{INA828,
   title = {INA828 data sheet, product information and support | TI.com},
   url = {https://www.ti.com/product/INA828},
}

@webpage{AD8220,
   title = {AD8220 Datasheet and Product Info | Analog Devices},
   url = {https://www.analog.com/en/products/ad8220.html},
}

@webpage{AD8226,
   title = {AD8226 Datasheet and Product Info | Analog Devices},
   url = {https://www.analog.com/en/products/ad8226.html#part-details},
}
